
@article{fraga2019,
  title={Modelling climate change impacts on viticultural yield, phenology, and quality: A review},
  author={Fraga, Helder and García de Cortázar-Atauri, Ignacio and Malheiro, Aureliano C and Santos, João A},
  journal={Agricultural and Forest Meteorology},
  volume={276--277},
  pages={107618},
  year={2019},
  publisher={Elsevier}
}

@article{vanleeuwen2022,
  title={An update on the impact of climate change in viticulture and potential adaptations},
  author={van Leeuwen, Cornelis and Destrac-Irvine, Alice and Dubernet, Michel and others},
  journal={Agronomy},
  volume={12},
  number={6},
  pages={1436},
  year={2022},
  publisher={MDPI}
}

@article{chuine2017,
  title={Process-based models of phenology for plants and animals},
  author={Chuine, Isabelle and Régnière, Jacques},
  journal={Annual Review of Ecology, Evolution, and Systematics},
  volume={48},
  pages={159--182},
  year={2017}
}

@article{santos2020,
  title={A review of the impact of climate change on crop phenology: Implications for crop management and yield forecasting},
  author={Santos, João A and Fraga, Helder and others},
  journal={Climate},
  volume={8},
  number={2},
  pages={22},
  year={2020}
}

@article{goulet2019,
  title={Modeling grapevine phenology and yield components as influenced by climate},
  author={Goulet, Eric and Morlat, Régis and Viaux, Luc},
  journal={European Journal of Agronomy},
  volume={105},
  pages={62--75},
  year={2019}
}

@book{keller2010,
  title={The science of grapevines: Anatomy and physiology},
  author={Keller, Markus},
  year={2010},
  publisher={Academic Press}
}

@article{oliveira2021,
  title={Machine learning and deep learning applications in agriculture: A systematic review},
  author={de Oliveira, Alexandre Augusto Ribeiro and Rosa, Rafael},
  journal={Computers and Electronics in Agriculture},
  volume={185},
  pages={106125},
  year={2021}
}

@article{grifoni2006,
  title={Grape phenology and climate variability in a Mediterranean environment: The role of agrometeorological indicators},
  author={Grifoni, Daniela and Orlandini, Simone and Mancini, Marco and Zipoli, Giorgio},
  journal={Theoretical and Applied Climatology},
  volume={85},
  number={1--2},
  pages={57--65},
  year={2006}
}

@article{santesteban2011,
  title={Grapevine yield and quality response to accumulated thermal and water stress over consecutive seasons},
  author={Santesteban, Luis Gonzaga and Miranda, Carmen and Royo, Juan Benito},
  journal={Australian Journal of Grape and Wine Research},
  volume={17},
  number={3},
  pages={283--291},
  year={2011}
}

@article{greer2013,
  title={Modulation of leaf photosynthesis in grapevine (Vitis vinifera cv. Semillon) in response to seasonal changes in fruit load},
  author={Greer, Dennis H and Weedon, Mark M},
  journal={Functional Plant Biology},
  volume={40},
  number={6},
  pages={620--628},
  year={2013}
}
